3059 4734
615 225 928 405 {chiantim
975 293 1284 391 commisit
1317 357 1342 392 ‚
1384 301 1561 392 quod
1598 319 1675 370 ex
1736 287 2391 376 animadversionibus
2452 281 2675 380 nostris
2709 281 2931 380 facile

621 415 968 508 cognosces.
993 415 1154 484 Illas
1198 431 1428 483 mecum
1465 381 1957 481 communicavit*
1992 397 2107 471 Vir
2128 395 2929 492 Clariffimus&amicis-

607 525 818 612 fimus
841 525 1262 594 EDVARDvs
1291 519 1828 600 Beanuannvs
1880 505 2246 594 oxoniensis
2268 503 2660 576 Academiae
2683 505 2929 578 lumen.

620 623 753 699 His
795 625 1036 720 acccffit
1079 623 1276 694 editio
1311 620 1524 712 prima
1554 673 1577 706 ,
1620 641 1755 706 quae
1820 612 2174 703 Moguntiae
2232 639 2275 682 a
2340 606 2663 685 IoANNE
2708 613 2923 684 FvsT
3030 701 3032 706 .

619 736 796 808 edita
861 735 946 824 est
999 753 1168 806 anno
1240 741 1425 819 1465.
1495 726 1629 795 Illa
1700 723 1867 794 mibi
1944 722 2473 794 commemoranda
2528 717 2707 809 suit,
2752 716 2928 806 quia
3030 741 3032 818 ᾗ

618 847 986 920 mentionem
1035 840 1174 934 ejus
1215 859 1661 923 nonnunquam
1696 831 1867 922 feci.
1898 830 2219 918 Alioquin
2270 829 2451 900 tanti
2498 851 2616 897 non
2664 821 2929 896 eratad
3030 877 3032 926 1

622 955 890 1040 nestrum
941 950 1306 1036 institutum
1346 996 1370 1033 ,
1418 967 1553 1014 cum
1600 966 1717 1010 non
1748 939 1846 1024 sit
1888 965 1963 1007 ex
2006 939 2344 1024 exemplari
2388 936 2642 1008 meliore
2684 929 2927 1024 descri-

612 1075 735 1153 pta
758 1105 775 1122 ·
835 1057 1015 1130 Novi
1057 1049 1172 1152 effe
1214 1107 1235 1142 ,
1273 1051 1510 1142 quibus
1554 1073 1677 1118 non
1718 1047 1895 1118 modo
1940 1046 2107 1116 levis
2148 1044 2413 1115 videtur
2479 1065 2659 1130 opera
2684 1093 2703 1126 ,
2778 1059 2927 1128 quae

614 1157 876 1258 ponitur
941 1163 1008 1232 in
1077 1157 1487 1230 emendandis
1548 1173 1833 1224 veterum
1886 1151 2150 1243 scriptis
2202 1193 2226 1237 5
2280 1149 2399 1241 sed
2440 1139 2677 1238 quibus
2716 1145 2924 1217 ctiam

619 1287 758 1344 tam
809 1268 1030 1362 invisa
1073 1269 1198 1356 est,
1241 1281 1315 1337 ut
1347 1303 1368 1346 9
1415 1281 1555 1336 cum
1596 1275 1749 1334 vero
1788 1257 1958 1333 viHi
1998 1274 2305 1352 cogantur
2336 1259 2596 1346 probare
2618 1256 2739 1326 loci
2768 1279 2913 1324 ma·

621 1378 681 1446 le
721 1375 939 1470 affitHi
969 1373 1370 1467 sanationem
1405 1425 1432 1461 ,
1475 1395 1597 1442 non
1634 1368 1867 1463 poffint
1916 1385 2133 1438 tamen
2182 1361 2521 1456 meminiffe
2562 1360 2793 1432 medici
2822 1359 2922 1446 Ji·

621 1509 700 1556 ne
741 1483 1152 1558 contumelia.
1199 1481 1295 1552 Hi
1327 1480 1468 1572 sere
1497 1477 1660 1570 sunt
1690 1529 1721 1564 r
1798 1473 1873 1545 ui
1914 1469 2399 1563 compendiorum
2443 1463 2759 1558 angustiis
2778 1491 2921 1540 eru·

618 1591 922 1663 ditionem
965 1586 1477 1680 circumscribunt
1525 1624 1550 1670 ,
1622 1579 1709 1654 &³
1763 1580 2003 1654 ,cuivis
2045 1580 2171 1652 loco
2216 1627 2237 1664 ,
2280 1581 2813 1668 quomodocunque
2841 1574 2920 1668 se

617 1698 856 1770 habeat
893 1749 920 1789 ‚
970 1695 1354 1790 fintentiam
1416 1690 1705 1790 aliquam
1768 1677 2104 1780 affingunt
2149 1729 2174 1772 ,
2244 1709 2432 1774 quam
2500 1682 2677 1774 homo
2732 1682 2921 1774 sanae
3031 1719 3032 1752 }

619 1805 853 1877 mentis
899 1801 1104 1876 nullis
1143 1817 1216 1876 ex
1255 1826 1322 1872 eo
1345 1795 1662 1890 fidiculis
1718 1815 2077 1884 extorqueat
2120 1843 2143 1880 ,
2210 1789 2443 1882 quique
2488 1785 2739 1864 malunt
2785 1790 2919 1860 ine·
3030 1807 3032 1846 }

609 1917 784 2008 ptire
825 1913 1168 2008 miserrime
1211 1911 1278 1982 in
1323 1904 1633 1997 corruptis
1688 1901 2043 1992 corruptius
2086 1901 2463 1992 exponendis
2485 1951 2507 1987 ‚
2538 1919 2611 1972 ut
2652 1898 2919 1991 aliquid

513 2019 520 2024 ⁵
618 2025 879 2106 eliciam
919 2077 942 2113 ,
1001 2021 1170 2113 quod
1226 2015 1435 2112 specio
1501 2011 1649 2084 veri
1696 2009 2163 2096 similitudinis
2209 2010 2487 2099 imponat
2532 2007 2845 2098 imperitis
2896 2057 2919 2096 ,

614 2159 806 2224 quam
853 2130 1119 2204 librarii
1163 2148 1279 2198 aut
1305 2123 1514 2217 fidem
1538 2173 1561 2210 ,
1606 2141 1723 2194 aut
1766 2145 2023 2192 manum
2048 2173 2071 2208 ,
2113 2138 2232 2191 aut
2278 2110 2743 2206 interpolatoris
2788 2115 2917 2184 im·

610 2237 918 2329 peritiam
955 2233 1280 2324 accusare,
1325 2232 1411 2303 (9⁰
1454 2249 1573 2300 aut
1633 2229 1761 2322 ipsi
1802 2228 2227 2317 distortionem
2259 2227 2583 2321 scriptura
2644 2221 2915 2310 investi-

608 2367 810 2434 gare,
853 2359 970 2413 aut
1013 2337 1284 2412 alterius
1313 2337 1671 2432 sollertiam
1745 2361 1958 2430 parva
2031 2340 2261 2414 litterae
2320 2361 2439 2413 aut
2480 2340 2656 2410 vocis
2702 2357 2917 2408 muta·

616 2450 790 2522 tione
829 2450 1094 2522 nebulas
1137 2465 1344 2520 omnes
1383 2437 1840 2538 discutientem
1890 2495 1913 2538 ,
1980 2449 2066 2522 Ψ
2120 2449 2457 2540 genuinam
2518 2443 2837 2518 leblionem
2886 2497 2915 2538 ,

615 2581 870 2648 quaque
909 2581 986 2626 ex
1031 2555 1154 2628 illa
1198 2553 1520 2646 nascitur,
1574 2578 1803 2626 veram
1842 2555 2223 2646 sententiam
2275 2555 2693 2640 restituentem
2712 2581 2907 2643 agno-

606 2663 812 2757 scere.
855 2665 986 2734 Sed
1025 2663 1128 2732 hic
1171 2682 1289 2732 aut
1323 2661 1532 2751 stupor
1574 2661 1701 2750 est,
1743 2684 1860 2736 aut
1904 2665 2119 2750 livor,
2148 2684 2268 2736 aut
2317 2662 2577 2755 inscitia
2614 2659 2913 2754 puerilis,

617 2793 738 2860 aut
780 2770 984 2842 anilis
1025 2772 1306 2860 quaedam
1349 2769 1569 2859 religio
1614 2770 1680 2840 in
1726 2771 1923 2842 editis
1978 2773 2179 2844 libris
2238 2771 2589 2862 quidquam
2616 2819 2635 2851 ‚
2682 2795 2911 2860 quam·

617 2877 731 2949 vis
760 2879 1038 2965 suadeat
1077 2895 1194 2948 aut
1237 2880 1443 2967 ratio,
1486 2897 1605 2950 aut
1646 2879 1905 2970 linguae
1938 2883 2205 2968 genius,
2249 2899 2368 2951 aut
2410 2878 2783 2967 vetustiores
2802 2905 2907 2950 co-

615 2985 828 3074 dices,
874 2986 1259 3056 immutandi
1292 3039 1315 3074 ,
1372 2985 1630 3077 perinde
1688 3003 1759 3058 ac‘
1790 2981 1859 3074 si
1920 2988 2263 3062 Camerina
2329 2987 2472 3080 effet
2516 2989 2830 3058 movenda
2882 3037 2907 3062 0

617 3093 832 3178 Quasi
871 3119 1020 3164 vero
1060 3114 1179 3163 aut
1235 3093 1435 3184 primi
1498 3094 1763 3166 editores
1830 3094 2191 3190 incidiffent
2266 3093 2337 3164 in
2382 3095 2906 3188 emendatiffimos

615 3203 860 3290 libros,
904 3227 980 3272 cx
1019 3201 1257 3292 quibus
1290 3203 1700 3294 publicarunt
1764 3223 2047 3274 veterum
2116 3221 2517 3274 monumenta
2546 3253 2567 3290 ,
2610 3223 2729 3272 aut
2770 3203 2903 3272 edi-

620 3309 826 3384 tiones
864 3363 887 3400 ,
933 3337 1070 3400 quae
1112 3312 1176 3384 in
1221 3309 1448 3400 nostris
1489 3311 1787 3384 manibus
1828 3311 2215 3403 versantur,
2264 3313 2333 3382 in
2376 3333 2565 3383 tanta
2610 3337 2747 3383 cum
2774 3312 2903 3382 edi·

615 3439 822 3492 torum
852 3472 876 3509 ,
939 3441 1074 3490 tum
1137 3445 1332 3490 manu
1377 3440 1776 3490 exaratorum
1839 3421 2112 3491 codicum
2169 3420 2549 3505 diversitate
2586 3471 2611 3510 ‚
2662 3423 2801 3509 sint
2840 3449 2905 3492 o·

612 3529 858 3602 mnium
899 3527 1234 3619 pursffimae
1259 3578 1280 3599 .
1325 3529 1470 3600 Non
1515 3528 1731 3598 minus
1773 3549 1980 3599 tamen
2008 3530 2277 3601 aliorum
2316 3534 2549 3603 damno
2594 3532 2905 3604 temerita-

613 3660 792 3724 tem,
855 3635 973 3726 qui
1004 3635 1142 3726 solo
1177 3637 1435 3727 pruritu
1464 3633 1773 3726 fingendi
1816 3665 1891 3709 ac
1937 3633 2287 3732 refingendi
2352 3638 2565 3712 omnia
2614 3692 2635 3726 ,
2688 3637 2905 3730 praci-

589 3745 736 3842 'pue
797 3769 935 3834 quae
1019 3769 1142 3814 non
1206 3743 1595 3833 intelligunt
1637 3797 1659 3832 ,
1726 3767 1981 3816 mutant
2038 3747 2363 3836 quadrata
2435 3748 2767 3834 rotundis,
2816 3747 2905 3818 Θ

603 3860 768 3956 suas
813 3854 998 3928 nobis
1041 3855 1392 3926 venditant
1423 3854 1808 3945 suspiciones
1842 3879 1956 3946 pro
1996 3857 2320 3928 verbis&
2351 3857 2693 3951 sententiis
2729 3877 2897 3927 vete·

613 3995 756 4044 rum
825 3967 1202 4061 scriptorum
1261 4017 1277 4034 .
1345 3963 1549 4050 Castae
1616 3963 1778 4056 sunt
1839 3963 2045 4056 Musae
2076 4019 2095 4058 ,
2137 3963 2297 4054 caste
2350 3965 2513 4060 sunt
2592 3965 2853 4127 wlmjf
2878 4019 2899 4040 .

2826 4081 2895 4126 u-

568 1021 602 1068 l
