3059 4734
568 244 670 303 v1

556 330 838 423 addico
900 338 1369 425 Romanum
1432 322 1864 423 Consulem
1927 337 2372 429 toto·0rbe
2435 332 2859 431 celeberri-

558 502 789 559 mum
836 536 865 581 ,
924 478 1364 563 Oratorem
1462 468 2127 591 sapientissimum
2171 534 2200 579 ,
2281 472 2867 591 Philosophum
2913 561 2922 569 .

558 604 1294 736 eioquentiflimum
1343 676 1371 723 ,
1453 613 1576 699 M.
1637 610 2017 699 Tullium
2081 608 2628 725 Ciceronem3
2709 612 2856 728 qui

558 746 616 831 s1
681 778 885 833 nunc
950 742 1036 833 in
1100 748 1358 837 vitam
1424 776 1928 837 revocaretur
1971 812 2002 860 ,
2077 776 2249 833 non
2327 746 2587 835 alium
2650 756 2866 836 certe

558 912 805 996 quam
870 892 1042 997 Te,
1100 886 1700 974 immortalibus
1759 882 2062 999 ingenii
2126 882 2241 971 sui
2305 886 2864 975 monumentis

556 1028 997 1109 Patronum
1065 1050 1527 1141 expeteret,
1567 1032 1862 1110 ‘Natus
1923 1024 2219 1141 quippe
2279 1023 2486 1111 olim
2553 1024 2634 1110 in
2703 1028 2856 1111 hac
2983 1076 3004 1094 ·

556 1158 722 1276 ipsa
788 1161 1226 1265 beatiffima
1290 1154 1722 1278 Regione,
1783 1161 1910 1248 cui
1972 1164 2112 1251 Tu
2153 1226 2179 1272 ‚
2241 1190 2534 1277 magno
2600 1162 2862 1251 subdi·

557 1322 827 1387 torum
894 1303 1149 1412 bono,
1218 1332 1515 1416 magno
1581 1308 1918 1418 Europae·
1985 1300 2242 1425 totius
2304 1302 2566 1421 plausu
2603 1368 2631 1414 ,
2691 1303 2867 1419 post

558 1441 1033 1527 Maximum
1102 1448 1523 1539 Parentem
1583 1442 1863 1527 Tuum
1905 1434 1944 1552 ‚'
1990 1429 2455 1531 feliciffime·
2491 1440 2862 1530 domina.-

558 1577 667 1665 ris
705 1642 732 1688 ,
794 1580 1075 1665 eadem
1142 1578 1389 1665 studia
1427 1642 1454 1688 ,
1517 1571 1824 1663 easdem
1881 1604 2088 1667 artes
2155 1580 2452 1691 coluit,
2512 1578 2869 1667 amavit·

554 1744 709 1831 que
750 1780 778 1827 ‚
838 1746 1031 1831 quas
1094 1720 1233 1805 Tu
1296 1716 1795 1834 summopere
1857 1717 2058 1806 colis
2131 1724 2210 1805 &
2279 1748 2560 1831 amem,
2625 1746 2871 1835 atque

554 1855 657 1937 ab
720 1858 1093 1944 omnibus
1156 1854 1319 1942 coli
1382 1856 1800 1971 amarique
1841 1919 1867 1969 ‚
1934 1855 2248 1945 summa
2312 1858 2868 1973 providentia,

556 1994 1049 2081 curas..-Hic
1108 1987 1480 2107 justitiae,
1541 1992 1770 2107 fidei,
1833 1995 2210 2115 pietatiS,
2270 1989 2878 2102 beneficientiae,

554 2132 1011 2220 clementiae
1062 2192 1089 2237 ‚
1152 2120 1676 2215 humanitatis
1716 2182 1744 2232 ,
1827 2123 2242 2209 comitatis
2282 2187 2311 2233 ,
2389 2153 2874 2216 ceterarum.

552 2287 712 2387 ‘que
776 2268 1179 2353 virtutum
1229 2322 1255 2375 ‚
1336 2290 1529 2394 quas
1612 2261 1698 2349 in
1761 2268 1930 2351 Te·
1978 2258 2320 2351 summas
2403 2263 2865 2383 suspicimus

558 2438 659 2495 ac
756 2434 1237 2493 veneramur
1286 2467 1312 2514 ,
1395 2428 1811 2523 perpetuus
1895 2400 2164 2491 cultor
2221 2466 2250 2517 ‚
2328 2436 2420 2495 ac
2501 2406 2878 2495 laudator

552 2545 951 2659 eximiu33
1016 2543 1146 2630 hic
1211 2541 1552 2632 fortium
1616 2540 2052 2658 Virorum,
2111 2540 2715 2665 {efflorui-nque,
2782 2555 2868 2639 8<

554 2685 932 2773 militaris
996 2676 1319 2771 virtutis
1382 2714 1473 2771 ac
1557 2678 2064 2803 disciplinae,
2147 2714 2489 2801 quarum
2577 2719 2858 2778 rerum

553 2829 684 2915 Te
725 2890 753 2937 ,
816 2849 935 2912 tot
998 2820 1324 2937 inclytis
1388 2824 1786 2912 Heroibus
1865 2818 2230 2939 genitum
2274 2890 2302 2938 ‚
2387 2826 2615 2917 nullo
2700 2860 2870 2918 ma·

559 2966 801 3080 gistro
841 3023 867 3076 ‚
950 2962 1172 3050 nullo
1236 2962 1746 3071 institutore,
1824 2959 1987 3080 ipsa
2050 2964 2324 3052 divina
2410 2998 2650 3087 prope
2743 2969 2868 3057 in-

560 3104 781 3220 genii
864 3102 953 3191 vi
1033 3103 1629 3221 praestantiaque
1723 3120 2019 3188 naturae
2088 3102 2644 3221 peritissimum
2711 3104 2862 3194 sci·

560 3278 739 3335 mus
799 3277 1121 3355 omnes,
1178 3268 1421 3362 atque
1482 3240 1976 3331 admiramur
2013 3304 2040 3353 ‚
2104 3271 2357 3358 praeco
2417 3232 2864 3335 facundiffi·

558 3419 779 3500 mus;
842 3387 975 3474 hic
1040 3386 1305 3503 legum
1346 3451 1371 3498 ,
1434 3385 1918 3505 publicaeque
1982 3377 2252 3473 salutis
2297 3450 2325 3498 ‚
2393 3384 2864 3476 securitatis·

556 3560 713 3647 que
778 3528 1027 3615 custos
1093 3524 1730 3641 vigilantiffimus
1790 3591 1816 3639 ,
1875 3542 2117 3643 atqu'e
2185 3524 2622 3614 acerrimus
2687 3528 2866 3615 vin.

560 3674 774 3781 dex3
840 3667 967 3755 hie
1030 3668 1373 3785 denique
1444 3666 1744 3783 primus
1808 3697 1909 3753 ex
1977 3668 2272 3755 merito
2331 3665 2615 3754 Patriae
2703 3665 2854 3757 suae

562 3818 805 3899 Pater
866 3808 971 3894 est
1032 3806 1518 3925 adpellatus.
1643 3804 1891 3893 Reffle
1954 3802 2225 3924 itaque
2292 3803 2856 3925 sapienterque

485 3930 495 3940 ’
563 3944 869 4037 fastum
930 3978 980 4035 a
1036 3952 1167 4038 Te
1228 3946 1335 4037 est
1384 4010 1412 4061 ‚
1502 3942 1988 4066 Populorutn
2068 3954 2438 4039 Tuorum
2499 3946 2856 4155 Optissae

2768 4096 2852 4157 a.
