3059 4734
91 239 2517 576 'PRAEFAT16‘

341 767 412 837 N
449 753 1320 849 tibi5Le80r,thER0ms
1365 748 1446 818 de
1461 747 1713 842 Officiis
1756 751 2013 839 Libros,
2040 769 2177 822 cum
2204 745 2425 831 Laelio,

381 881 620 947 Catone
643 919 668 956 ‚
707 860 1060 938 Paradoxis
1084 904 1108 945 ‚
1149 859 1236 928 <9⁶
1257 854 1512 927 Somnio
1554 855 1871 946 Scipionis
1893 909 1914 945 ‚
1936 855 2051 946 qui
2096 855 2185 926 iis
2215 851 2425 946 solent

126 982 382 1082 subjici
397 1035 420 1056 .
468 977 689 1049 Prima
733 967 893 1040 mihi
933 991 1085 1037 cura
1116 963 1299 1056 fuit,
1343 983 1420 1034 ut
1463 963 1643 1034 labes
1679 1015 1703 1052 ,
1732 963 1802 1049 si
1840 989 1968 1052 ραι
2006 960 2139 1051 post
2183 979 2275 1030 tot
2318 959 2427 1028 do-

136 1097 380 1170 &orum
441 1086 762 1161 hominum
817 1101 1030 1150 curam
1095 1081 1288 1144 etiam
1354 1095 1518 1141 nunc
1584 1070 1897 1141 contextui
1965 1068 2353 1140 adhaererent
2396 1115 2423 1155 ,

137 1225 382 1296 quanto
419 1197 631 1292 potuit
695 1189 1047 1260 eluerentur
1101 1181 1320 1268 studio
1358 1207 1400 1268 ,⁰
1466 1179 1615 1249 dein
1660 1201 1735 1250 ut
1804 1205 1941 1250 cum
1984 1203 2059 1247 ex
2100 1175 2425 1247 veteribus

137 1307 556 1402 Philosophis
597 1353 616 1386 ,
676 1293 914 1369 Stoicis
967 1287 1312 1383 praesertim
1353 1336 1376 1372 ,
1441 1307 1577 1358 tum
1638 1313 1716 1357 ex
1784 1283 2229 1358 recentioribus
2251 1333 2273 1368 ‚
2316 1277 2433 1368 qui

141 1422 312 1492 hanc
361 1406 778 1503 Philosophia·
811 1421 1060 1495 partem
1094 1396 1368 1490 scienter
1411 1394 1500 1466 (J
1546 1419 1667 1464 non
1712 1392 2099 1482 ineleganter
2153 1387 2425 1460 excolue-

145 1545 312 1596 runt
349 1577 374 1612 ‚
413 1517 882 1606 illustrarentur
923 1533 943 1576 t
1023 1505 1289 1588 additis:
1331 1500 1419 1572 iis
1459 1553 1482 1589 ,
1540 1525 1677 1588 ραιε
1736 1497 1877 1569 viri
1938 1495 2181 1568 eruditi
2239 1514 2429 1564 ante·-

145 1629 272 1702 hac
344 1627 438 1698 ad
496 1625 696 1698 libros
757 1621 867 1692 bos
928 1609 1313 1707 expoliendos
1372 1609 1460 1680 Θ·
1503 1605 1931 1698 explanandos
1989 1601 2390 1674 contulerunt
2418 1647 2435 1668 .

141 1740 476 1813 Interdum
517 1734 716 1806 etiam
759 1731 1194 1800 cmmoms
1234 1715 1615 1808 sententiam
1674 1713 1959 1804 iniquius
2000 1713 2436 1804 impugnatam

141 1845 418 1944 asterici,
440 1863 562 1916 non
605 1837 773 1928 quod
815 1839 995 1906 Deus
1036 1825 1300 1916 quidam
1371 1820 1535 1889 mibi
1600 1821 1695 1904 fit
1738 1827 2165 1905 αναμαριτητθ·
2210 1817 2439 1888 (Σισε-

145 1979 259 2030 Ro
307 2007 330 2042 ‚
394 1947 578 2042 cujus
641 1947 730 2018 Θ·
799 1940 928 2031 ipse
993 1931 1277 2027 quaedam
1344 1925 1695 2016 improbavi
1734 1951 1775 2010 ,·
1827 1923 1941 2012 sed
2019 1921 2188 2010 quod
2226 1921 2439 2012 depre-

144 2059 342 2137 hendi
362 2115 384 2148 ,
429 2073 874 2140 nonnunquam
919 2044 1088 2114 male
1129 2055 1397 2110 mentem
1441 2031 1584 2127 ejus
1628 2028 1963 2101 nonnullos
2008 2023 2217 2120 cepiffe
2242 2078 2267 2113 ,
2287 2049 2438 2096 non.

140 2191 475 2258 nunquam
517 2157 806 2254 perverse
843 2145 1170 2244 damnaffe
1231 2167 1367 2236 quae
1414 2139 1717 2216 tradebat
1746 2188 1769 2228 ‚
1808 2134 2064 2209 ablatos
2124 2128 2437 2225 opinioni·
2497 2197 2507 2202 ,
2584 2117 2587 2122 ’

145 2282 268 2352 bus
313 2269 511 2365 hujus
567 2263 680 2341 vet
726 2263 911 2336 illius
962 2247 1144 2353 seflae
1208 2246 1731 2348 Philosophorum
1784 2304 1807 2340 ,
1848 2266 2039 2342 quam
2074 2245 2283 2338 solam
2326 2267 2443 2312 ve-

155 2409 300 2466 ram
341 2375 576 2482 vidiffi
603 2373 741 2468 fibi
777 2368 1216 2468 persuaserant
1245 2367 1359 2434 λη
1397 2363 1599 2457 primi
1640 2357 1919 2433 muneris
1953 2353 2287 2446 funciione
2316 2347 2440 2418 mi-

152 2499 230 2571 hi
268 2519 395 2589 prae
437 2488 664 2566 ceteris·
687 2480 932 2581 profuit
971 2477 1169 2552 editio
1189 2473 1837 2552 CARouLANGu,
1859 2490 1993 2554 quae
2038 2457 2309 2530 omnium
2358 2449 2445 2539 est⁸

155 2597 650 2692 emendatiffima
673 2649 688 2665 .
735 2589 1059 2663 Plurimos
1099 2587 1265 2658 enim
1314 2584 1376 2656 is
1417 2577 1729 2672 consuluit
1770 2569 2216 2663 vetustiffimos
2260 2562 2433 2636 codi-

158 2739 294 2797 ces,
341 2711 430 2781 (9⁰
472 2704 585 2776 vir
619 2700 758 2792 fuit
803 2701 968 2770 acris
1003 2692 1254 2790 judicii
1293 2742 1318 2780 ,
1381 2685 1795 2774 doetrinaeque
1846 2673 2204 2769 singularis
2252 2723 2269 2744 .
2315 2668 2445 2740 Sed

155 2819 436 2892 multum
477 2839 598 2903 quo
609 2837 724 2901 que
767 2809 958 2880 debeo
999 2797 1383 2875 membranis
1419 2790 1801 2887 pervetustis
1822 2841 1847 2882 ‚
1908 2806 2299 2876 quamquam
2343 2780 2445 2850 la-

159 2925 318 2998 ceris
359 2924 446 2994 (9¹
486 2917 731 2990 mancis
771 2967 794 3003 ,
839 2941 1001 3006 quas
1043 2936 1157 2984 cere
1189 2907 1306 3001 suo
1348 2919 1745 2994 comparatas
1814 2893 1977 2965 mihi
2023 2889 2199 2976 mifit
2234 2886 2451 2977 frater

161 3032 432 3125 optimus
475 3032 564 3102 (9⁶
582 3025 950 3118 carrffimus,
967 3025 1468 3096 GODEFRIDVS
1489 3015 1885 3093 GRAEVIVS,
1908 3005 2023 3095 qui
2069 3002 2135 3070 in
2158 2995 2445 3086 Lipfien-

145 3141 248 3226 sis
286 3143 564 3209 Senatus
603 3127 932 3203 tabulario
990 3123 1301 3218 praeseblis
1345 3123 1545 3193 locum
1585 3118 1866 3210 primum
1912 3133 2081 3185 tenet
2114 3163 2139 3198 ‚
2181 3108 2269 3178 (9'
2312 3103 2447 3174 cul-

157 3242 436 3317 tioribus
474 3234 725 3310 litteris
764 3234 1022 3305 deditus
1081 3233 1320 3325 semper
1352 3229 1496 3320 suit
1533 3281 1557 3316 ,
1624 3251 1757 3297 cum
1802 3223 1937 3295 alio
1980 3219 2449 3290 membranaceo

163 3357 606 3429 (hcl-:Rome
653 3341 892 3432 codice,
905 3339 1025 3433 sed
1065 3362 1138 3411 ut
1180 3339 1548 3427 recentiore,
1562 3336 1657 3422 sic
1698 3355 1856 3407 notae
1900 3331 2079 3420 longe
2096 3318 2451 3396 deterioris.

163 3457 632 3548 antiquiorum
675 3451 1180 3520 membranarum
1225 3467 1330 3535 ope
1373 3444 1719 3517 nonnullas
1764 3439 2163 3512 inveteratas
2205 3433 2453 3520 depra-

165 3565 508 3652 vationes,
569 3586 707 3651 ραι*
749 3581 958 3631 omnes
999 3551 1208 3625 adbuc
1247 3553 1769 3624 contaminabant
1817 3548 2129 3620 editiones
2175 3597 2197 3632 ‚
2238 3534 2456 3628 auspi·

162 3693 344 3760 cato,
388 3691 464 3740 ut
501 3689 697 3759 puto,
732 3664 1006 3758 sustuli.
1060 3661 1223 3754 Usus
1264 3660 1456 3729 etiam
1489 3657 1637 3749 sum
1686 3656 1961 3727 editione
2002 3651 2243 3722 minore
2286 3653 2457 3738 Gry-

163 3777 280 3871 phi
304 3800 472 3848 anno
497 3797 677 3866 1550·
697 3775 784 3843 &⁰
799 3767 1327 3858 Argentoratensi
1345 3766 1611 3838 LAMm
1628 3787 1711 3836 NI
1742 3817 1758 3835 .
1787 3761 2129 3854 Utriusque
2171 3750 2455 3844 margini

169 3889 484 3955 PETRvs
509 3874 1297 3967 Prrnazvsadscripserat
1311 3875 1543 3946 varias
1586 3871 1873 3944 leffiones
1890 3921 1913 3959 ‚
1936 3893 2097 3958 quas
2118 3893 2193 3936 ex
2210 3864 2457 3934 duobus

169 3987 494 4062 codicibus
531 3983 950 4077 excerpserat:
997 3983 1166 4056 inter
1193 4007 1347 4072 quos
1389 3980 1664 4072 optimus
1698 3977 1841 4068 fuit
1862 4029 1889 4066 ,
1935 4001 2082 4048 cum
2125 3997 2247 4063 quo
2290 3977 2457 4130 Ghry-

2275 4083 2319 4150 p
2367 4085 2462 4132 ta-
